@BOOK{rh,
	    AUTHOR = "Hamming R. W.",
	    TITLE = "Numerical methods for scientists and engineers",
	    PUBLISHER = {Dover Publications},
	    YEAR = 1987}
